@misc{jenkins,
  author = "Jenkins",
  title= "An extendable open source continuous integration server.",
  url = "http://jenkins-ci.org/"
}

@misc{puppet,
  author = "Puppet",
  title= "Puppet is IT automation software that helps system administrators manage infrastructure throughout its lifecycle, 
  from provisioning and configuration to patch management and compliance.",
  url = "http://puppetlabs.com/puppet/what-is-puppet/"
}


@misc{chef,
  author = "Chef",
  title= "Chef is a systems integration framework, built to bring the benefits of configuration management to your entire infrastructure.",
  url = "http://wiki.opscode.com/display/chef/Home"
}

@misc{geppeto,
  author = "Geppeto",
  title= "Eclipse Plugin for developing Puppet modules and manifests",
  url = "https://github.com/cloudsmith/geppetto/wiki"
}


@misc{puppetLabs,
  author = "Puppetlabs",
  title= "Puppet Open Source",
  url = "http://info.puppetlabs.com/download-puppet-open-source.html"
}


@misc{vagrant,
  author = "Vagrant",
  title= "Virtualized development for the masses.",
  url = "http://vagrantup.com/"
}

@misc{virtualbox,
  author = "VirtualBox",
  title= "VirtualBox is a powerful x86 and AMD64/Intel64 virtualization product",
  url = "https://www.virtualbox.org/"
}

@misc{putty,
  author = "Putty",
  title= "Ein SSH Client f√ºr Windows",
  url = "http://www.chiark.greenend.org.uk/~sgtatham/putty/download.html"
}
